@misc{id:ASTDocumentation,
  author={Eclipse},
  title={Abstract Syntax Tree Documentation},
   howpublished = "\url{https://tinyurl.com/y3gbe6jx}",
  month = "August",
  year = "2019",
}

@misc{id:Example11Complicate,
    author={Project Android},
	title={Example of method set() in the Android project},
	 howpublished = "\url{https://tinyurl.com/yy9ge34m}",
	month = "August",
      year = "2019",
}




@misc{id:Example12A,
    author={ Project Android},
	title={Example of method onReceive() in the Android project},
	howpublished = "\url{https://tinyurl.com/y49cxygr}",
	month = "August",
      year = "2019",
}

@misc{id:Example12B,
    author={Project Android},
	title={Example of method onReceive() in the Android project},
	howpublished = "\url{https://tinyurl.com/y334wqyw}",
	month = "August",
      year = "2019",
}



@inproceedings{Gvero:2015:SJE:2814270.2814295,
 author = {Gvero, Tihomir and Kuncak, Viktor},
 title = {Synthesizing Java Expressions from Free-form Queries},
 booktitle = {Proceedings of the 2015 ACM SIGPLAN International Conference on Object-Oriented Programming, Systems, Languages, and Applications},
 series = {OOPSLA 2015},
 year = {2015},
 isbn = {978-1-4503-3689-5},
 location = {Pittsburgh, PA, USA},
 pages = {416--432},
 numpages = {17},
 url = {http://doi.acm.org/10.1145/2814270.2814295},
 doi = {10.1145/2814270.2814295},
 acmid = {2814295},
 publisher = {ACM},
 address = {New York, NY, USA},
 keywords = {Autocompletion, Natural Language Processing, Program Repair, Program Synthesis},
} 

@article{DBLP:journals/corr/BaroneS17,
  author    = {Antonio Valerio Miceli Barone and
               Rico Sennrich},
  title     = {A parallel corpus of Python functions and documentation strings for
               automated code documentation and code generation},
  journal   = {CoRR},
  volume    = {abs/1707.02275},
  year      = {2017},
  url       = {http://arxiv.org/abs/1707.02275},
  archivePrefix = {arXiv},
  eprint    = {1707.02275},
  timestamp = {Mon, 13 Aug 2018 16:46:55 +0200},
  biburl    = {https://dblp.org/rec/bib/journals/corr/BaroneS17},
  bibsource = {dblp computer science bibliography, https://dblp.org}
}

@inproceedings{Pascarella:2017:CCC:3104188.3104217,
 author = {Pascarella, Luca and Bacchelli, Alberto},
 title = {Classifying Code Comments in Java Open-source Software Systems},
 booktitle = {Proceedings of the 14th International Conference on Mining Software Repositories},
 series = {MSR '17},
 year = {2017},
 isbn = {978-1-5386-1544-7},
 location = {Buenos Aires, Argentina},
 pages = {227--237},
 numpages = {11},
 url = {https://doi.org/10.1109/MSR.2017.63},
 doi = {10.1109/MSR.2017.63},
 acmid = {3104217},
 publisher = {IEEE Press},
 address = {Piscataway, NJ, USA},
} 

@misc{example:put:geeks,
  howpublished = "\url{https://www.geeksforgeeks.org/hashmap-put-method-in-java//}",
}

@misc{id:InvocMap,
  title="InvocMap data",
  howpublished = "\url{https://tinyurl.com/y387n6xq}",
   author={ InvocMap},
	month = "August",
      year = "2019",
}

@misc{id:StackOverflow,
  title="StackOverflow online forum",
  	author={StackOverflow},
	month = "August",
      year = "2019",
  howpublished = "\url{https://stackoverflow.com/}",
}

@misc{id:ProgramCreek,
  author="ProgramCreek",
	title={ProgramCreek Online Forum},
	month = "August",
      year = "2019",
  howpublished = "\url{https://www.programcreek.com}",
}
@misc{id:ProgramCreekAndroidExample,
  title="programcreek example",
  	author={ProgramCreek},
	month = "August",
      year = "2019",
  howpublished = "\url{https://www.programcreek.com/java-api-examples/?class=android.animation.Animator&method=setDuration/}",
}

@misc{id:IntrinsicAndroidExample,
  title="nexu android framwork base example",
  	author={Nexus},
	month = "August",
      year = "2019",
  howpublished = "\url{https://tinyurl.com/y2ggtgj7}",
}

@misc{id:GeeksForGeeks,
  author="GeeksForGeeks",
  	title={GeeksForGeeks online forum},
	month = "August",
      year = "2019",
  howpublished = "\url{https://www.geeksforgeeks.org}",
}

@misc{id:Github,
	author={Github},
	title={Github repository},
		 howpublished = "\url{https://github.com}",
	
	month = "August",
      year = "2019",
  
}

@misc{id:AST_Documentation,
  author="Abstract Syntax Tree Documentation",
  howpublished = "\url{https://tinyurl.com/y4eqeykq}",
}



@article{DBLP:journals/corr/YinN17,
  author    = {Pengcheng Yin and
               Graham Neubig},
  title     = {A Syntactic Neural Model for General-Purpose Code Generation},
  journal   = {CoRR},
  volume    = {abs/1704.01696},
  year      = {2017},
  url       = {http://arxiv.org/abs/1704.01696},
  archivePrefix = {arXiv},
  eprint    = {1704.01696},
  timestamp = {Mon, 13 Aug 2018 16:47:27 +0200},
  biburl    = {https://dblp.org/rec/bib/journals/corr/YinN17},
  bibsource = {dblp computer science bibliography, https://dblp.org}
}

@inproceedings{Raychev:2016:LPN:2837614.2837671,
 author = {Raychev, Veselin and Bielik, Pavol and Vechev, Martin and Krause, Andreas},
 title = {Learning Programs from Noisy Data},
 booktitle = {Proceedings of the 43rd Annual ACM SIGPLAN-SIGACT Symposium on Principles of Programming Languages},
 series = {POPL '16},
 year = {2016},
 isbn = {978-1-4503-3549-2},
 location = {St. Petersburg, FL, USA},
 pages = {761--774},
 numpages = {14},
 url = {http://doi.acm.org/10.1145/2837614.2837671},
 doi = {10.1145/2837614.2837671},
 acmid = {2837671},
 publisher = {ACM},
 address = {New York, NY, USA},
 keywords = {Anomaly Detection, Big Code, Noisy Data, Program Synthesis, Regularization, Statistical Code Completion},
} 

@inproceedings{Le:2013:SSS:2462456.2464443,
 author = {Le, Vu and Gulwani, Sumit and Su, Zhendong},
 title = {SmartSynth: Synthesizing Smartphone Automation Scripts from Natural Language},
 booktitle = {Proceeding of the 11th Annual International Conference on Mobile Systems, Applications, and Services},
 series = {MobiSys '13},
 year = {2013},
 isbn = {978-1-4503-1672-9},
 location = {Taipei, Taiwan},
 pages = {193--206},
 numpages = {14},
 url = {http://doi.acm.org/10.1145/2462456.2464443},
 doi = {10.1145/2462456.2464443},
 acmid = {2464443},
 publisher = {ACM},
 address = {New York, NY, USA},
 keywords = {automation script, natural language processing, program synthesis, smartphone},
} 

@inproceedings{Little:2007:KPJ:1321631.1321646,
 author = {Little, Greg and Miller, Robert C.},
 title = {Keyword Programming in Java},
 booktitle = {Proceedings of the Twenty-second IEEE/ACM International Conference on Automated Software Engineering},
 series = {ASE '07},
 year = {2007},
 isbn = {978-1-59593-882-4},
 location = {Atlanta, Georgia, USA},
 pages = {84--93},
 numpages = {10},
 url = {http://doi.acm.org/10.1145/1321631.1321646},
 doi = {10.1145/1321631.1321646},
 acmid = {1321646},
 publisher = {ACM},
 address = {New York, NY, USA},
 keywords = {autocomplete, code assistants, java},
} 
@INPROCEEDINGS{Liu05metafor:visualizing,
    author = {Hugo Liu},
    title = {Metafor: Visualizing stories as code},
    booktitle = {10th International Conference on Intelligent User Interfaces},
    year = {2005},
    pages = {305--307},
    publisher = {ACM Press}
}

@inproceedings{Green2014,
 author = {Spence Green and Daniel Cer and Christopher D. Manning},
 title = {Phrasal: A Toolkit for New Directions in Statistical Machine Translation},
 booktitle = {In Proceddings of the Ninth Workshop on Statistical Machine Translation},
 year = {2014}
}

@article{DBLP:journals/corr/abs-1709-03815,
  author    = {Guillaume Klein and
               Yoon Kim and
               Yuntian Deng and
               Josep Maria Crego and
               Jean Senellart and
               Alexander M. Rush},
  title     = {OpenNMT: Open-source Toolkit for Neural Machine Translation},
  journal   = {CoRR},
  volume    = {abs/1709.03815},
  year      = {2017},
  url       = {http://arxiv.org/abs/1709.03815},
  archivePrefix = {arXiv},
  eprint    = {1709.03815},
  timestamp = {Mon, 13 Aug 2018 16:48:47 +0200},
  biburl    = {https://dblp.org/rec/bib/journals/corr/abs-1709-03815},
  bibsource = {dblp computer science bibliography, https://dblp.org}
}

@inproceedings{Karaivanov:2014:PST:2661136.2661148,
 author = {Karaivanov, Svetoslav and Raychev, Veselin and Vechev, Martin},
 title = {Phrase-Based Statistical Translation of Programming Languages},
 booktitle = {Proceedings of the 2014 ACM International Symposium on New Ideas, New Paradigms, and Reflections on Programming \& Software},
 series = {Onward! 2014},
 year = {2014},
 isbn = {978-1-4503-3210-1},
 location = {Portland, Oregon, USA},
 pages = {173--184},
 numpages = {12},
 url = {http://doi.acm.org/10.1145/2661136.2661148},
 doi = {10.1145/2661136.2661148},
 acmid = {2661148},
 publisher = {ACM},
 address = {New York, NY, USA},
 keywords = {programming language translation, statistical machine translation},
} 

@inproceedings{Nguyen:2014:SLA:2642937.2643010,
 author = {Nguyen, Anh Tuan and Nguyen, Hoan Anh and Nguyen, Tung Thanh and Nguyen, Tien N.},
 title = {Statistical Learning Approach for Mining API Usage Mappings for Code Migration},
 booktitle = {Proceedings of the 29th ACM/IEEE International Conference on Automated Software Engineering},
 series = {ASE '14},
 year = {2014},
 isbn = {978-1-4503-3013-8},
 location = {Vasteras, Sweden},
 pages = {457--468},
 numpages = {12},
 url = {http://doi.acm.org/10.1145/2642937.2643010},
 doi = {10.1145/2642937.2643010},
 acmid = {2643010},
 publisher = {ACM},
 address = {New York, NY, USA},
 keywords = {api mappings, api usages, code migration, statistical learning},
} 

@INPROCEEDINGS{8453132, 
author={H. {Phan} and H. {Nguyen} and N. {Tran} and L. {Truong} and A. {Nguyen} and T. {Nguyen}}, 
booktitle={2018 IEEE/ACM 40th International Conference on Software Engineering (ICSE)}, 
title={Statistical Learning of API Fully Qualified Names in Code Snippets of Online Forums}, 
year={2018}, 
volume={}, 
number={}, 
pages={632-642}, 
keywords={Computational modeling;Software libraries;Training;Software;Tools;Type Resolution;Type Inference;Type Annotations;Partial Program Analysis;Statistical Machine Translation;Naturalness;Big Code}, 
doi={10.1145/3180155.3180230}, 
ISSN={1558-1225}, 
month={May},}

@inproceedings{Hellendoorn:2018:DLT:3236024.3236051,
 author = {Hellendoorn, Vincent J. and Bird, Christian and Barr, Earl T. and Allamanis, Miltiadis},
 title = {Deep Learning Type Inference},
 booktitle = {Proceedings of the 2018 26th ACM Joint Meeting on European Software Engineering Conference and Symposium on the Foundations of Software Engineering},
 series = {ESEC/FSE 2018},
 year = {2018},
 isbn = {978-1-4503-5573-5},
 location = {Lake Buena Vista, FL, USA},
 pages = {152--162},
 numpages = {11},
 url = {http://doi.acm.org/10.1145/3236024.3236051},
 doi = {10.1145/3236024.3236051},
 acmid = {3236051},
 publisher = {ACM},
 address = {New York, NY, USA},
 keywords = {Deep Learning, Naturalness, Type Inference},
} 

@inproceedings{Koehn:2003:SPT:1073445.1073462,
 author = {Koehn, Philipp and Och, Franz Josef and Marcu, Daniel},
 title = {Statistical Phrase-based Translation},
 booktitle = {Proceedings of the 2003 Conference of the North American Chapter of the Association for Computational Linguistics on Human Language Technology - Volume 1},
 series = {NAACL '03},
 year = {2003},
 location = {Edmonton, Canada},
 pages = {48--54},
 numpages = {7},
 url = {https://doi.org/10.3115/1073445.1073462},
 doi = {10.3115/1073445.1073462},
 acmid = {1073462},
 publisher = {Association for Computational Linguistics},
 address = {Stroudsburg, PA, USA},
} 
@INPROCEEDINGS{Hel:7180076, 
author={V. J. {Hellendoorn} and P. T. {Devanbu} and A. {Bacchelli}}, 
booktitle={2015 IEEE/ACM 12th Working Conference on Mining Software Repositories}, 
title={Will They Like This? Evaluating Code Contributions with Language Models}, 
year={2015}, 
volume={}, 
number={}, 
pages={157-167}, 
keywords={public domain software;software engineering;code contributions;language models;open-source software projects;software development;Github;Entropy;Software;Context;Mathematical model;Context modeling;Java;Data mining;code review;pull request;language model}, 
doi={10.1109/MSR.2015.22}, 
ISSN={2160-1852}, 
month={May},}

@INPROCEEDINGS{Liu:7883371, 
author={H. {Liu}}, 
booktitle={2016 IEEE/ACM 38th International Conference on Software Engineering Companion (ICSE-C)}, 
title={Towards Better Program Obfuscation: Optimization via Language Models}, 
year={2016}, 
volume={}, 
number={}, 
pages={680-682}, 
keywords={binary codes;Markov processes;Monte Carlo methods;optimisation;security of data;software engineering;software development;program obfuscation;binary code;obfuscation techniques;MCMC;Monte Carlo Markov Chain based search algorithm;JavaScript programs;Closure tool;Optimization;Software engineering;Software;Computer science;Google;Reverse engineering;Natural language processing;obfuscation;obscurity language model;MCMC random search}, 
doi={}, 
ISSN={}, 
month={May},}
@inproceedings{Hindle:2012:NS:2337223.2337322,
 author = {Hindle, Abram and Barr, Earl T. and Su, Zhendong and Gabel, Mark and Devanbu, Premkumar},
 title = {On the Naturalness of Software},
 booktitle = {Proceedings of the 34th International Conference on Software Engineering},
 series = {ICSE '12},
 year = {2012},
 isbn = {978-1-4673-1067-3},
 location = {Zurich, Switzerland},
 pages = {837--847},
 numpages = {11},
 url = {http://dl.acm.org/citation.cfm?id=2337223.2337322},
 acmid = {2337322},
 publisher = {IEEE Press},
 address = {Piscataway, NJ, USA},
} 

@book{Jurafsky:2009:SLP:1214993,
 author = {Jurafsky, Daniel and Martin, James H.},
 title = {Speech and Language Processing (2Nd Edition)},
 year = {2009},
 isbn = {0131873210},
 publisher = {Prentice-Hall, Inc.},
 address = {Upper Saddle River, NJ, USA},
} 
@inproceedings{Subramanian:2014:LAD:2568225.2568313,
 author = {Subramanian, Siddharth and Inozemtseva, Laura and Holmes, Reid},
 title = {Live API Documentation},
 booktitle = {Proceedings of the 36th International Conference on Software Engineering},
 series = {ICSE 2014},
 year = {2014},
 isbn = {978-1-4503-2756-5},
 location = {Hyderabad, India},
 pages = {643--652},
 numpages = {10},
 url = {http://doi.acm.org/10.1145/2568225.2568313},
 doi = {10.1145/2568225.2568313},
 acmid = {2568313},
 publisher = {ACM},
 address = {New York, NY, USA},
 keywords = {Source code examples, documentation, source code search},
} 
@inproceedings{Papineni:2002:BMA:1073083.1073135,
 author = {Papineni, Kishore and Roukos, Salim and Ward, Todd and Zhu, Wei-Jing},
 title = {BLEU: A Method for Automatic Evaluation of Machine Translation},
 booktitle = {Proceedings of the 40th Annual Meeting on Association for Computational Linguistics},
 series = {ACL '02},
 year = {2002},
 location = {Philadelphia, Pennsylvania},
 pages = {311--318},
 numpages = {8},
 url = {https://doi.org/10.3115/1073083.1073135},
 doi = {10.3115/1073083.1073135},
 acmid = {1073135},
 publisher = {Association for Computational Linguistics},
 address = {Stroudsburg, PA, USA},
} 

@article{Allamanis:2018:SML:3236632.3212695,
 author = {Allamanis, Miltiadis and Barr, Earl T. and Devanbu, Premkumar and Sutton, Charles},
 title = {A Survey of Machine Learning for Big Code and Naturalness},
 journal = {ACM Comput. Surv.},
 issue_date = {September 2018},
 volume = {51},
 number = {4},
 month = jul,
 year = {2018},
 issn = {0360-0300},
 pages = {81:1--81:37},
 articleno = {81},
 numpages = {37},
 url = {http://doi.acm.org/10.1145/3212695},
 doi = {10.1145/3212695},
 acmid = {3212695},
 publisher = {ACM},
 address = {New York, NY, USA},
 keywords = {Big code, code naturalness, machine learning, software engineering tools},
} 

@article{DBLP:journals/corr/abs-1803-09473,
  author    = {Uri Alon and
               Meital Zilberstein and
               Omer Levy and
               Eran Yahav},
  title     = {code2vec: Learning Distributed Representations of Code},
  journal   = {CoRR},
  volume    = {abs/1803.09473},
  year      = {2018},
  url       = {http://arxiv.org/abs/1803.09473},
  archivePrefix = {arXiv},
  eprint    = {1803.09473},
  timestamp = {Mon, 13 Aug 2018 16:47:34 +0200},
  biburl    = {https://dblp.org/rec/bib/journals/corr/abs-1803-09473},
  bibsource = {dblp computer science bibliography, https://dblp.org}
}

@article{DBLP:journals/corr/abs-1812-07170,
  author    = {Hideaki Hata and
               Emad Shihab and
               Graham Neubig},
  title     = {Learning to Generate Corrective Patches using Neural Machine Translation},
  journal   = {CoRR},
  volume    = {abs/1812.07170},
  year      = {2018},
  url       = {http://arxiv.org/abs/1812.07170},
  archivePrefix = {arXiv},
  eprint    = {1812.07170},
  timestamp = {Tue, 01 Jan 2019 15:01:25 +0100},
  biburl    = {https://dblp.org/rec/bib/journals/corr/abs-1812-07170},
  bibsource = {dblp computer science bibliography, https://dblp.org}
}

@article{DBLP:journals/corr/abs-1901-09102,
  author    = {Michele Tufano and
               Jevgenija Pantiuchina and
               Cody Watson and
               Gabriele Bavota and
               Denys Poshyvanyk},
  title     = {On Learning Meaningful Code Changes via Neural Machine Translation},
  journal   = {CoRR},
  volume    = {abs/1901.09102},
  year      = {2019},
  url       = {http://arxiv.org/abs/1901.09102},
  archivePrefix = {arXiv},
  eprint    = {1901.09102},
  timestamp = {Sat, 02 Feb 2019 16:56:00 +0100},
  biburl    = {https://dblp.org/rec/bib/journals/corr/abs-1901-09102},
  bibsource = {dblp computer science bibliography, https://dblp.org}
}

@inproceedings{Oda:2015:LGP:2916135.2916173,
 author = {Oda, Yusuke and Fudaba, Hiroyuki and Neubig, Graham and Hata, Hideaki and Sakti, Sakriani and Toda, Tomoki and Nakamura, Satoshi},
 title = {Learning to Generate Pseudo-Code from Source Code Using Statistical Machine Translation (T)},
 booktitle = {Proceedings of the 2015 30th IEEE/ACM International Conference on Automated Software Engineering (ASE)},
 series = {ASE '15},
 year = {2015},
 isbn = {978-1-5090-0025-8},
 pages = {574--584},
 numpages = {11},
 url = {https://doi.org/10.1109/ASE.2015.36},
 doi = {10.1109/ASE.2015.36},
 acmid = {2916173},
 publisher = {IEEE Computer Society},
 address = {Washington, DC, USA},
} 
@inproceedings{Phan:2017:SLI:3102962.3102971,
 author = {Phan, Hung and Nguyen, Hoan Anh and Nguyen, Tien N. and Rajan, Hridesh},
 title = {Statistical Learning for Inference Between Implementations and Documentation},
 booktitle = {Proceedings of the 39th International Conference on Software Engineering: New Ideas and Emerging Results Track},
 series = {ICSE-NIER '17},
 year = {2017},
 isbn = {978-1-5386-2675-7},
 location = {Buenos Aires, Argentina},
 pages = {27--30},
 numpages = {4},
 url = {https://doi.org/10.1109/ICSE-NIER.2017.9},
 doi = {10.1109/ICSE-NIER.2017.9},
 acmid = {3102971},
 publisher = {IEEE Press},
 address = {Piscataway, NJ, USA},
 keywords = {API documentation generation, machine translation},
} 
@INPROCEEDINGS{7372046, 
author={A. T. {Nguyen} and T. T. {Nguyen} and T. N. {Nguyen}}, 
booktitle={2015 30th IEEE/ACM International Conference on Automated Software Engineering (ASE)}, 
title={Divide-and-Conquer Approach for Multi-phase Statistical Migration for Source Code (T)}, 
year={2015}, 
volume={}, 
number={}, 
pages={585-596}, 
keywords={divide and conquer methods;language translation;source code (software);divide-and-conquer approach;multiphase statistical migration;source code;mppSMT;migration algorithms;phrase-based SMT;semantic symbols;API usages;lexical tokens;human-written C# code;oracle;statistical machine translation;Syntactics;Java;Computational modeling;Training;Semantics;Training data;Decoding;Language Migration;Statistical Machine Translation;Syntax-directed Translation}, 
doi={10.1109/ASE.2015.74}, 
ISSN={}, 
month={Nov},}

@inproceedings{Gu:2016:DAL:2950290.2950334,
 author = {Gu, Xiaodong and Zhang, Hongyu and Zhang, Dongmei and Kim, Sunghun},
 title = {Deep API Learning},
 booktitle = {Proceedings of the 2016 24th ACM SIGSOFT International Symposium on Foundations of Software Engineering},
 series = {FSE 2016},
 year = {2016},
 isbn = {978-1-4503-4218-6},
 location = {Seattle, WA, USA},
 pages = {631--642},
 numpages = {12},
 url = {http://doi.acm.org/10.1145/2950290.2950334},
 doi = {10.1145/2950290.2950334},
 acmid = {2950334},
 publisher = {ACM},
 address = {New York, NY, USA},
 keywords = {API, API usage, RNN, code search, deep learning},
} 

@INPROCEEDINGS{6227236, 
author={A. T. {Nguyen} and H. A. {Nguyen} and T. T. {Nguyen} and T. N. {Nguyen}}, 
booktitle={2012 34th International Conference on Software Engineering (ICSE)}, 
title={GraPacc: A graph-based pattern-oriented, context-sensitive code completion tool}, 
year={2012}, 
volume={}, 
number={}, 
pages={1407-1410}, 
keywords={application program interfaces;software tools;GraPacc;graph-based pattern-oriented code completion tool;context-sensitive code completion tool;editing session;context-free code templates;API usage pattern;Feature extraction;Context;Switches;Indexes;Vectors;Programming;Pattern-oriented Code Completion;Usage Pattern}, 
doi={10.1109/ICSE.2012.6227236}, 
ISSN={1558-1225}, 
month={June},}